Automatically generated by Mendeley Desktop 1.17.9
Any changes to this file will be lost if it is regenerated by Mendeley.

BibTeX export options can be customized via Options -> BibTeX in Mendeley Desktop

@book{Lunze2016,
address = {Berlin, Heidelberg},
author = {Lunze, Jan},
doi = {10.1007/978-3-662-52678-1},
file = {:home/julius/.local/share/data/Mendeley Ltd./Mendeley Desktop/Downloaded/Lunze - 2016 - Regelungstechnik 1.pdf:pdf},
isbn = {978-3-662-52677-4},
publisher = {Springer Berlin Heidelberg},
title = {{Regelungstechnik 1}},
url = {http://link.springer.com/10.1007/978-3-662-52678-1},
year = {2016}
}
@book{Wittenburg2016,
address = {Berlin, Heidelberg},
author = {Wittenburg, Jens},
doi = {10.1007/978-3-662-48487-6},
isbn = {978-3-662-48486-9},
publisher = {Springer Berlin Heidelberg},
title = {{Kinematics}},
url = {http://link.springer.com/10.1007/978-3-662-48487-6},
year = {2016}
}
@book{Lunze2016,
address = {Berlin, Heidelberg},
author = {Lunze, Jan},
doi = {10.1007/978-3-662-52678-1},
file = {:home/julius/.local/share/data/Mendeley Ltd./Mendeley Desktop/Downloaded/Lunze - 2016 - Regelungstechnik 1.pdf:pdf},
isbn = {978-3-662-52677-4},
publisher = {Springer Berlin Heidelberg},
title = {{Regelungstechnik 1}},
url = {http://link.springer.com/10.1007/978-3-662-52678-1},
year = {2016}
}
@book{Lunze2014,
address = {Berlin, Heidelberg},
author = {Lunze, Jan},
doi = {10.1007/978-3-642-53944-2},
file = {:home/julius/.local/share/data/Mendeley Ltd./Mendeley Desktop/Downloaded/Lunze - 2014 - Regelungstechnik 2.pdf:pdf},
isbn = {978-3-642-53943-5},
publisher = {Springer Berlin Heidelberg},
series = {Springer-Lehrbuch},
title = {{Regelungstechnik 2}},
url = {http://link.springer.com/10.1007/978-3-642-53944-2},
year = {2014}
}
@book{Lunze2016,
address = {Berlin, Heidelberg},
author = {Lunze, Jan},
doi = {10.1007/978-3-662-52678-1},
file = {:home/julius/.local/share/data/Mendeley Ltd./Mendeley Desktop/Downloaded/Lunze - 2016 - Regelungstechnik 1.pdf:pdf},
isbn = {978-3-662-52677-4},
publisher = {Springer Berlin Heidelberg},
title = {{Regelungstechnik 1}},
url = {http://link.springer.com/10.1007/978-3-662-52678-1},
year = {2016}
}
@book{Lunze2016,
address = {Berlin, Heidelberg},
author = {Lunze, Jan},
doi = {10.1007/978-3-662-52678-1},
file = {:home/julius/.local/share/data/Mendeley Ltd./Mendeley Desktop/Downloaded/Lunze - 2016 - Regelungstechnik 1.pdf:pdf},
isbn = {978-3-662-52677-4},
publisher = {Springer Berlin Heidelberg},
title = {{Regelungstechnik 1}},
url = {http://link.springer.com/10.1007/978-3-662-52678-1},
year = {2016}
}
@book{Lunze2016,
address = {Berlin, Heidelberg},
author = {Lunze, Jan},
doi = {10.1007/978-3-662-52678-1},
file = {:home/julius/.local/share/data/Mendeley Ltd./Mendeley Desktop/Downloaded/Lunze - 2016 - Regelungstechnik 1.pdf:pdf},
isbn = {978-3-662-52677-4},
publisher = {Springer Berlin Heidelberg},
title = {{Regelungstechnik 1}},
url = {http://link.springer.com/10.1007/978-3-662-52678-1},
year = {2016}
}
@book{Wittenburg2016,
address = {Berlin, Heidelberg},
author = {Wittenburg, Jens},
doi = {10.1007/978-3-662-48487-6},
isbn = {978-3-662-48486-9},
publisher = {Springer Berlin Heidelberg},
title = {{Kinematics}},
url = {http://link.springer.com/10.1007/978-3-662-48487-6},
year = {2016}
}
@book{Lunze2014,
address = {Berlin, Heidelberg},
author = {Lunze, Jan},
doi = {10.1007/978-3-642-53944-2},
file = {:home/julius/.local/share/data/Mendeley Ltd./Mendeley Desktop/Downloaded/Lunze - 2014 - Regelungstechnik 2.pdf:pdf},
isbn = {978-3-642-53943-5},
publisher = {Springer Berlin Heidelberg},
series = {Springer-Lehrbuch},
title = {{Regelungstechnik 2}},
url = {http://link.springer.com/10.1007/978-3-642-53944-2},
year = {2014}
}
@book{Lunze2014,
address = {Berlin, Heidelberg},
author = {Lunze, Jan},
doi = {10.1007/978-3-642-53944-2},
file = {:home/julius/.local/share/data/Mendeley Ltd./Mendeley Desktop/Downloaded/Lunze - 2014 - Regelungstechnik 2.pdf:pdf},
isbn = {978-3-642-53943-5},
publisher = {Springer Berlin Heidelberg},
series = {Springer-Lehrbuch},
title = {{Regelungstechnik 2}},
url = {http://link.springer.com/10.1007/978-3-642-53944-2},
year = {2014}
}
@book{Lunze2016,
address = {Berlin, Heidelberg},
author = {Lunze, Jan},
doi = {10.1007/978-3-662-52678-1},
file = {:home/julius/.local/share/data/Mendeley Ltd./Mendeley Desktop/Downloaded/Lunze - 2016 - Regelungstechnik 1.pdf:pdf},
isbn = {978-3-662-52677-4},
publisher = {Springer Berlin Heidelberg},
title = {{Regelungstechnik 1}},
url = {http://link.springer.com/10.1007/978-3-662-52678-1},
year = {2016}
}
@book{Lunze2014,
address = {Berlin, Heidelberg},
annote = {WEITERLESEN

Zu Kapitel 5
Hier wird im allg. ein Verfahren auf Grundlage der Zustandsraumdarstellung benutzt.
Dazu wird Gegenkopplungsbedingung ( Inverse der Statischen Verst{\{}{\"{a}}{\}}rkung -{\{}{\textgreater}{\}} regul{\{}{\"{a}}{\}}r! ) benutzt um die kI auszulegen.

Einzige Bedingung ist demnach, dass det(KS KI) {\{}{\textgreater}{\}} 0 ist.

Grunds{\{}{\"{a}}{\}}tzlich:
KI soll so gew{\{}{\"{a}}{\}}hlt werden, dass die Pole alle in LHE sind. Dies geschieht durch schrittweise erh{\{}{\"{o}}{\}}hen des Tuningfaktors a, der letztendlich eine Matrix skaliert und mit ihr KI bildet.
Zun{\{}{\"{a}}{\}}chst starten alle bei Null, dann weiter bis der Realteil aller Eigenwerte des geschlossenen Kreises kleiner Null ist.

Letzendlich wird eine Gewichtung zwischen},
author = {Lunze, Jan},
doi = {10.1007/978-3-642-53944-2},
file = {:home/julius/.local/share/data/Mendeley Ltd./Mendeley Desktop/Downloaded/Lunze - 2014 - Regelungstechnik 2.pdf:pdf},
isbn = {978-3-642-53943-5},
publisher = {Springer Berlin Heidelberg},
series = {Springer-Lehrbuch},
title = {{Regelungstechnik 2}},
url = {http://link.springer.com/10.1007/978-3-642-53944-2},
year = {2014}
}
@book{Lunze2014,
address = {Berlin, Heidelberg},
annote = {WEITERLESEN

Zu Kapitel 5
Hier wird im allg. ein Verfahren auf Grundlage der Zustandsraumdarstellung benutzt.
Dazu wird Gegenkopplungsbedingung ( Inverse der Statischen Verst{\{}{\{}{\}}{\{}{\"{a}}{\}}{\{}{\}}{\}}rkung -{\{}{\{}{\}}{\{}{\textgreater}{\}}{\{}{\}}{\}} regul{\{}{\{}{\}}{\{}{\"{a}}{\}}{\{}{\}}{\}}r! ) benutzt um die kI auszulegen.

Einzige Bedingung ist demnach, dass det(KS KI) {\{}{\{}{\}}{\{}{\textgreater}{\}}{\{}{\}}{\}} 0 ist.

Grunds{\{}{\{}{\}}{\{}{\"{a}}{\}}{\{}{\}}{\}}tzlich:
KI soll so gew{\{}{\{}{\}}{\{}{\"{a}}{\}}{\{}{\}}{\}}hlt werden, dass die Pole alle in LHE sind. Dies geschieht durch schrittweise erh{\{}{\{}{\}}{\{}{\"{o}}{\}}{\{}{\}}{\}}hen des Tuningfaktors a, der letztendlich eine Matrix skaliert und mit ihr KI bildet.
Zun{\{}{\{}{\}}{\{}{\"{a}}{\}}{\{}{\}}{\}}chst starten alle bei Null, dann weiter bis der Realteil aller Eigenwerte des geschlossenen Kreises kleiner Null ist.

Letzendlich wird eine Gewichtung zwischen},
author = {Lunze, Jan},
doi = {10.1007/978-3-642-53944-2},
file = {:home/julius/.local/share/data/Mendeley Ltd./Mendeley Desktop/Downloaded/Lunze - 2014 - Regelungstechnik 2.pdf:pdf},
isbn = {978-3-642-53943-5},
publisher = {Springer Berlin Heidelberg},
series = {Springer-Lehrbuch},
title = {{Regelungstechnik 2}},
url = {http://link.springer.com/10.1007/978-3-642-53944-2},
year = {2014}
}
@book{Lunze2014,
address = {Berlin, Heidelberg},
author = {Lunze, Jan},
doi = {10.1007/978-3-642-53944-2},
file = {:home/julius/.local/share/data/Mendeley Ltd./Mendeley Desktop/Downloaded/Lunze - 2014 - Regelungstechnik 2.pdf:pdf},
isbn = {978-3-642-53943-5},
publisher = {Springer Berlin Heidelberg},
series = {Springer-Lehrbuch},
title = {{Regelungstechnik 2}},
url = {http://link.springer.com/10.1007/978-3-642-53944-2},
year = {2014}
}
@book{Lunze2016,
address = {Berlin, Heidelberg},
author = {Lunze, Jan},
doi = {10.1007/978-3-662-52678-1},
file = {:home/julius/.local/share/data/Mendeley Ltd./Mendeley Desktop/Downloaded/Lunze - 2016 - Regelungstechnik 1.pdf:pdf},
isbn = {978-3-662-52677-4},
publisher = {Springer Berlin Heidelberg},
title = {{Regelungstechnik 1}},
url = {http://link.springer.com/10.1007/978-3-662-52678-1},
year = {2016}
}
@article{Li2006b,
author = {Li, Y and Ang, KH and Chong, GCY},
file = {:home/julius/.local/share/data/Mendeley Ltd./Mendeley Desktop/Downloaded/Li, Ang, Chong - 2006 - PID control system analysis and design(4).pdf:pdf},
journal = {IEEE Control Systems},
title = {{PID control system analysis and design}},
url = {http://ieeexplore.ieee.org/abstract/document/1580152/},
year = {2006}
}
@article{Astrom2000a,
author = {{\AA}str{\"{o}}m, K.J.},
doi = {10.1016/S0947-3580(00)70906-X},
file = {:home/julius/Documents/limitationsOnControlSystems.pdf:pdf},
issn = {09473580},
journal = {European Journal of Control},
month = {jan},
number = {1},
pages = {2--20},
title = {{Limitations on Control System Performance}},
url = {http://linkinghub.elsevier.com/retrieve/pii/S094735800070906X},
volume = {6},
year = {2000}
}
@article{Ray1993,
author = {Ray, Laura Ryan and Stengel, Robert F.},
doi = {10.1016/0005-1098(93)90187-X},
file = {::},
issn = {00051098},
journal = {Automatica},
month = {jan},
number = {1},
pages = {229--236},
title = {{A monte carlo approach to the analysis of control system robustness}},
url = {http://linkinghub.elsevier.com/retrieve/pii/000510989390187X},
volume = {29},
year = {1993}
}
@article{Ang2005b,
author = {Ang, KH and Chong, G and Li, Y},
file = {:home/julius/.local/share/data/Mendeley Ltd./Mendeley Desktop/Downloaded/Ang, Chong, Li - 2005 - PID control system analysis, design, and technology(4).pdf:pdf},
journal = {IEEE transactions on control systems},
title = {{PID control system analysis, design, and technology}},
url = {http://ieeexplore.ieee.org/abstract/document/1453566/},
year = {2005}
}
@article{Lagoa2002,
author = {Lagoa, CM and Barmish, BR},
file = {::},
journal = {IFAC Proceedings Volumes},
title = {{Distributionally robust Monte Carlo simulation: A tutorial survey}},
url = {http://www.sciencedirect.com/science/article/pii/S1474667015387814},
year = {2002}
}
@article{Fedele2009a,
abstract = {In this paper an identification method to estimate the parameters of a first order plus time delay model is proposed. Such a method directly obtains these parameters using a new linear regression equation. No iterations in calculation are needed. A simple true/false criterion to establish if the hypothesis on the process type is correct can be easily derived. The proposed method shows an acceptable robustness to disturbance and measurement noise as it is confirmed by several simulated experiments.},
author = {Fedele, Giuseppe},
file = {::},
journal = {Journal of the Franklin Institute},
keywords = {Algebraic identification,First order plus time delay model,Least-squares method},
title = {{A new method to estimate a first-order plus time delay model from step response}},
url = {http://s3.amazonaws.com/academia.edu.documents/41626596/A{\_}new{\_}method{\_}to{\_}estimate{\_}a{\_}first-order{\_}p20160127-1753-sogvnl.pdf?AWSAccessKeyId=AKIAIWOWYYGZ2Y53UL3A{\&}Expires=1494916663{\&}Signature=pAvbvKu2oGpo2{\%}252BSoKdGWZcjQL6E{\%}253D{\&}response-content-disposition=inl},
year = {2009}
}
@article{Sonntag2009b,
abstract = {Today, many supermarket refrigeration systems are operated by decentralized control systems that often lead to excessive starting and stopping of the compressors which drive the cooling cycle and, consequently, to a large wear of the process equipment. In our previous work, a hierarchical model-predictive control scheme was proposed for supermarket refrigeration systems that overcomes this drawback. In this scheme, simple low-level temperature controllers are employed, and the high-level optimization task is the optimal adjustment of the parameters of these controllers. While this approach yields a good control performance, it is computationally too expensive for larger systems. In this paper, a more efficient approach is presented that is based on an approximation of the system dynamics using simple models that are computed from system sensitivities around simulated reference trajectories. The application of the new approach to a large hybrid model proves the real-time capabilities of the new technique.},
author = {Sonntag, Christian and K{\"{o}}lling, Malte and Engell, Sebastian},
doi = {10.3182/20090712-4-TR-2008.00054},
file = {::},
keywords = {Predictive control,discretely controlled continuous systems,hybrid systems,process control,supermarket refrigeration systems},
title = {{Sensitivity-based Predictive Control of a Large-scale Supermarket Refrigeration System}},
url = {http://ac.els-cdn.com/S1474667015302974/1-s2.0-S1474667015302974-main.pdf?{\_}tid=d7b0ce94-39f6-11e7-8ac3-00000aacb35d{\&}acdnat=1494911980{\_}a3178c0581caa1bb1bf68e64fe1e3b0e},
year = {2009}
}
@book{Adamy2014,
address = {Berlin, Heidelberg},
archivePrefix = {arXiv},
arxivId = {arXiv:1011.1669v3},
author = {Adamy, J{\"{u}}rgen},
doi = {10.1007/978-3-642-45013-6},
eprint = {arXiv:1011.1669v3},
file = {:home/julius/.local/share/data/Mendeley Ltd./Mendeley Desktop/Downloaded/Adamy - 2014 - Nichtlineare Systeme und Regelungen.pdf:pdf},
isbn = {978-3-642-45012-9},
issn = {1098-6596},
pages = {626},
pmid = {25246403},
publisher = {Springer Berlin Heidelberg},
title = {{Nichtlineare Systeme und Regelungen}},
url = {http://link.springer.com/10.1007/978-3-642-45013-6},
year = {2014}
}
@book{Lunze2014,
address = {Berlin, Heidelberg},
annote = {WEITERLESEN

Zu Kapitel 5
Hier wird im allg. ein Verfahren auf Grundlage der Zustandsraumdarstellung benutzt.
Dazu wird Gegenkopplungsbedingung ( Inverse der Statischen Verst{\"{a}}rkung -{\textgreater} regul{\"{a}}r! ) benutzt um die kI auszulegen.

Einzige Bedingung ist demnach, dass det(KS KI) {\textgreater} 0 ist.

Grunds{\"{a}}tzlich:
KI soll so gew{\"{a}}hlt werden, dass die Pole alle in LHE sind. Dies geschieht durch schrittweise erh{\"{o}}hen des Tuningfaktors a, der letztendlich eine Matrix skaliert und mit ihr KI bildet.
Zun{\"{a}}chst starten alle bei Null, dann weiter bis der Realteil aller Eigenwerte des geschlossenen Kreises kleiner Null ist.

Letzendlich wird eine Gewichtung zwischen 



},
author = {Lunze, Jan},
doi = {10.1007/978-3-642-53944-2},
file = {:home/julius/.local/share/data/Mendeley Ltd./Mendeley Desktop/Downloaded/Lunze - 2014 - Regelungstechnik 2.pdf:pdf},
isbn = {978-3-642-53943-5},
publisher = {Springer Berlin Heidelberg},
series = {Springer-Lehrbuch},
title = {{Regelungstechnik 2}},
url = {http://link.springer.com/10.1007/978-3-642-53944-2},
year = {2014}
}
@article{Astrom2001a,
annote = {Abstract
Paper beschreibt ein neuartiges Verfahren zur entkopplung von MIMO Strecken, welches auf statischer Entkopplung basiert.

Method
-Annahme eines MIMO Systems. 
-Annahme eines PID Reglers mit statischer Entkopplung und Set Point Weight.
- Entkopplung ist Inverse der statischen Verst{\"{a}}rkung ( muss regul{\"{a}}re Matrix sein! )
- Dadurch wird Identity Matrix im Statischen Endwert geschaffen; Nebendiagonale - kleine Abweichungen sind linear zu s bzw. j*w -{\textgreater} Kleine Bandbreite ist gut
- Geschlossener Kreis wird berechnet; Annahmen zum Verlauf und Lage der Polstellen f{\"{u}}hren zur vereinfachten Matrix H, welche das System approximiert
-Interaction Indices: Die Elemente der Nebendiagonalen werden mittels der Sensitivity der beiden Hauptloops beschrieben. Daher kann eine obere Schranke hergeleitet werden, welche direkt mit den Regler in Verbindung gebracht werden kann. Hierbei wird allerdings nur der I Anteil ber{\"{u}}cksichtigt, was zu einer Konstanten f{\"{u}}hrt. HIER KANN DIE BR{\"{U}}CKE ZU DEM IN LUNZE VORGESTELLTEN VERFAHREN GESCHLAGEN WERDEN! Die Interaction, also der Einfluss der Loops aufeinander, ist solange klein wie kI klein ist. Ebenfalls wird hier der Nachteil des Verfahren beschrieben: Durch die Abh{\"{a}}ngigkeiten der Sensitivity der Kreise und kI ist keine Unabh{\"{a}}ngige Stellschraube gegeben.
Weiterhin wird die Bandbreite des geschlossenen Systems hergeleitet. Es wird weiterhin gezeigt, dass die Kopplung ohne Set Point Weighting zunimmt. Diese Sch{\"{a}}tzungen sind konservativ.
- Auslegung des Reglers nun mit Standard Methoden f{\"{u}}r die Eintr{\"{a}}ge der Hauptdiagonalen. Hier werden noch verschiedene Methoden erw{\"{a}}hnt.


Conclusion
Simples Verfahren wurde erfolgreich vorgestellt. Gilt, solange die Kopplung nicht zu hoch ist. Beispiele werden vorgestellt.
Set-Point weighting ist notwendig.
Interaction indices wurden vorgestellt, welche - im Gegensatz zur RGA - den Regler mit einschlie{\ss}en.},
author = {Astrom, KJ and Johansson, KH},
file = {:home/julius/.local/share/data/Mendeley Ltd./Mendeley Desktop/Downloaded/Astrom, Johansson - 2001 - Design of decoupled PID controllers for MIMO systems.pdf:pdf},
journal = {Control Conference, 2001 {\ldots}},
title = {{Design of decoupled PID controllers for MIMO systems}},
url = {http://ieeexplore.ieee.org/abstract/document/946038/},
year = {2001}
}
@book{Arias2005b,
abstract = {Thèse--Royal Institute of Technology, 2005.},
author = {Arias, Jaime. and {Kungliga tekniska högskolan (Stockholm)}},
file = {::},
isbn = {9171780750},
pages = {256},
publisher = {Royal Institute of Technology},
title = {{Energy usage in supermarkets : modelling and field measurements}},
year = {2005}
}
@book{Wittenburg2016,
address = {Berlin, Heidelberg},
author = {Wittenburg, Jens},
doi = {10.1007/978-3-662-48487-6},
isbn = {978-3-662-48486-9},
publisher = {Springer Berlin Heidelberg},
title = {{Kinematics}},
url = {http://link.springer.com/10.1007/978-3-662-48487-6},
year = {2016}
}
@article{Sonntag2009b,
abstract = {Today, many supermarket refrigeration systems are operated by decentralized control systems that often lead to excessive starting and stopping of the compressors which drive the cooling cycle and, consequently, to a large wear of the process equipment. In our previous work, a hierarchical model-predictive control scheme was proposed for supermarket refrigeration systems that overcomes this drawback. In this scheme, simple low-level temperature controllers are employed, and the high-level optimization task is the optimal adjustment of the parameters of these controllers. While this approach yields a good control performance, it is computationally too expensive for larger systems. In this paper, a more efficient approach is presented that is based on an approximation of the system dynamics using simple models that are computed from system sensitivities around simulated reference trajectories. The application of the new approach to a large hybrid model proves the real-time capabilities of the new technique.},
author = {Sonntag, Christian and K{\"{o}}lling, Malte and Engell, Sebastian},
doi = {10.3182/20090712-4-TR-2008.00054},
keywords = {Predictive control,discretely controlled continuous systems,hybrid systems,process control,supermarket refrigeration systems},
title = {{Sensitivity-based Predictive Control of a Large-scale Supermarket Refrigeration System}},
url = {http://ac.els-cdn.com/S1474667015302974/1-s2.0-S1474667015302974-main.pdf?{\%}7B{\_}{\%}7Dtid=d7b0ce94-39f6-11e7-8ac3-00000aacb35d{\%}7B{\&}{\%}7Dacdnat=1494911980{\%}7B{\_}{\%}7Da3178c0581caa1bb1bf68e64fe1e3b0e},
year = {2009}
}
@article{Schwartz2002,
author = {Schwartz, E M and Manseur, R and Doty, K L},
file = {:home/julius/.local/share/data/Mendeley Ltd./Mendeley Desktop/Downloaded/Schwartz, Manseur, Doty - 2002 - Noncommensurate Systems In Robotics.pdf:pdf},
issn = {02783649},
journal = {International Journal of Robotics and Automation},
keywords = {control,noncommensurate,robotics,units},
number = {2},
pages = {1--6},
title = {{Noncommensurate Systems In Robotics}},
volume = {17},
year = {2002}
}
@book{Lunze2016,
address = {Berlin, Heidelberg},
author = {Lunze, Jan},
doi = {10.1007/978-3-662-52678-1},
file = {:home/julius/.local/share/data/Mendeley Ltd./Mendeley Desktop/Downloaded/Lunze - 2016 - Regelungstechnik 1.pdf:pdf},
isbn = {978-3-662-52677-4},
publisher = {Springer Berlin Heidelberg},
title = {{Regelungstechnik 1}},
url = {http://link.springer.com/10.1007/978-3-662-52678-1},
year = {2016}
}
@book{Damic2015,
address = {Berlin, Heidelberg},
author = {Damic, Vjekoslav and Montgomery, John},
doi = {10.1007/978-3-662-49004-4},
file = {:home/julius/.local/share/data/Mendeley Ltd./Mendeley Desktop/Downloaded/Damic, Montgomery - 2015 - Mechatronics by Bond Graphs.pdf:pdf},
isbn = {978-3-662-49002-0},
publisher = {Springer Berlin Heidelberg},
title = {{Mechatronics by Bond Graphs}},
url = {http://link.springer.com/10.1007/978-3-662-49004-4},
year = {2015}
}
@book{Murray1994,
abstract = {Ch. 1. Introduction -- Ch. 2. Rigid Body Motion -- Ch. 3. Manipulator Kinematics -- Ch. 4. Robot Dynamics and Control -- Ch. 5. Multifingered Hand Kinematics -- Ch. 6. Hand Dynamics and Control -- Ch. 7. Nonholonomic Behavior in Robotic Systems -- Ch. 8. Nonholonomic Motion Planning -- Ch. 9. Future Prospects -- Appendix A Lie Groups and Robot Kinematics -- Appendix B A Mathematica Package for Screw Calculus.},
author = {Murray, Richard M. and Li, Zexiang and Sastry, Shankar.},
file = {:home/julius/.local/share/data/Mendeley Ltd./Mendeley Desktop/Downloaded/Murray, Li, Sastry - 1994 - A mathematical introduction to robotic manipulation.pdf:pdf},
isbn = {9780849379819},
pages = {456},
publisher = {CRC Press},
title = {{A mathematical introduction to robotic manipulation}},
year = {1994}
}
@article{Angeles2006,
abstract = {The quest for a norm of a rigid-body displacement led to the idea of approximating the displacement by a rotation in a higher-dimensional space. Recently, this approximation has been attempted using the singular value and the polar decompositions of the homogeneous transformation matrix representing the displacement. This paper is an attempt to shed light on the question at the title of the paper. It is shown here that the singular-value decomposition is not needed to derive the approximation error, the polar decomposition of the homogeneous transformation matrix being sufficient. We show, moreover, that the approximation error is (a) a function solely of the translation part of the displacement and (b) a monotonically decreasing function of the normalizing length, termed here the characteristic length. Hence, the approximation does not have a minimum that would allow us to define naturally the characteristic length. While such a natural definition is not possible, we propose here a heuristic approach to engineer such a length. ?? 2006 Elsevier Ltd. All rights reserved.},
author = {Angeles, Jorge},
doi = {10.1016/j.mechmachtheory.2006.03.010},
file = {:home/julius/.local/share/data/Mendeley Ltd./Mendeley Desktop/Downloaded/Angeles - 2006 - Is there a characteristic length of a rigid-body displacement.pdf:pdf},
issn = {0094114X},
journal = {Mechanism and Machine Theory},
keywords = {Characteristic length,Displacement norm,Homogeneous transformation matrix,Polar decomposition},
number = {8},
pages = {884--896},
title = {{Is there a characteristic length of a rigid-body displacement?}},
volume = {41},
year = {2006}
}
@article{Astrom2000a,
author = {{\AA}str{\"{o}}m, K.J.},
doi = {10.1016/S0947-3580(00)70906-X},
file = {:home/julius/Documents/limitationsOnControlSystems.pdf:pdf},
issn = {09473580},
journal = {European Journal of Control},
month = {jan},
number = {1},
pages = {2--20},
title = {{Limitations on Control System Performance}},
url = {http://linkinghub.elsevier.com/retrieve/pii/S094735800070906X},
volume = {6},
year = {2000}
}
@book{Davidson2004,
abstract = {1. planar serial robot-arm -- 2. Describing the screw -- 3. Analysing the screw -- 4. Transformations for coordinates that locate a rigid body -- 5. Linear dependence : reciprocity of screws : linear and non-linear screw systems -- 6. Spatial serial robot-arms -- 7. assembly-configurations of serial robot-arms -- 8. In-parallel actuation I : simple and direct -- 9. In-parallel actuation II : combinations with serial devices -- 10. Redundant robotic systems -- 11. Static stability in legged vehicles -- App. A. Some useful expressions for lines -- App. B. screw as a point in projective five-space -- App. C. finite twist and Eduard study's coordinates -- App. D. Computer file for chapter 10.},
author = {Davidson, Joseph K. and Hunt, K. H. (Kenneth Henderson)},
isbn = {0198562454},
pages = {458},
publisher = {Oxford University Press},
title = {{Robots and screw theory : applications of kinematics and statics to robotics}},
year = {2004}
}
@article{Berner2016,
abstract = {The relay autotuner provides a simple way of finding PID controller parameters. Even though relay autotuning is much investigated in the literature, the practical aspects are not that well-documented. In this paper an asymmetric relay autotuner with features such as a startup procedure and adaptive relay amplitudes is proposed. Parameter choices and handling of noise, disturbances, start in non-steady state and other possible error sources are discussed. The autotuner is implemented and tested on an industrial air handling unit to show its use in practice. The experiments show good results, and prove that the proposed simple autotuner is well-suited for industrial use. But the experiments also enlighten possible error sources and remaining problems.},
author = {Berner, Josefin and H{\"{a}}gglund, Tore and {\AA}str{\"{o}}m, Karl Johan},
doi = {10.1016/j.conengprac.2016.05.017},
file = {:home/julius/.local/share/data/Mendeley Ltd./Mendeley Desktop/Downloaded/Berner, H{\"{a}}gglund, {\AA}str{\"{o}}m - 2016 - Asymmetric relay autotuning – Practical features for industrial use.pdf:pdf},
issn = {09670661},
journal = {Control Engineering Practice},
keywords = {Air handling unit,Asymmetric relay autotuning,Industrial experiment,PID control,Practical features},
title = {{Asymmetric relay autotuning – Practical features for industrial use}},
year = {2016}
}
@article{Moreno2012,
abstract = {Los {\`{i}}ndices de desempe{\~{n}}o son importantes herramientas para la planificaci{\'{o}}n de movimientos y el dise{\~{n}}o de robots manipuladores. En este trabajo se presenta una colecci{\'{o}}n de algunos de los {\`{i}}ndices de desempe{\~{n}}o que mayor inter{\'{e}}s han generado en la comunidad dedicada a la rob{\'{o}}tica. Se presentan {\`{i}}ndices de desempe{\~{n}}o cinetost{\'{a}}tico, din{\'{a}}mico, de l{\`{i}}mites articulares, e {\`{i}}ndices definidos sobre el espacio de trabajo. Adem{\'{a}}s, se realiza una revisi{\'{o}}n sobre las estrategias que se han propuesto para solventar los problemas que aparecen cuando las unidades de los elementos de la matriz Jacobiana no son homog{\'{e}}neas. Al final de este trabajo, proponemos una serie {\`{i}}ndices de desempe{\~{n}}o globales que pueden resultar {\'{u}}tiles en el dise{\~{n}}o de robots manipuladores. The performance indices are important tools for motion planning and design of robot manipulators. In this paper we present a collection of some of the performance indices that have generated interest in the robotics community. These indices are four different types: kinetostatic performance indices, dynamic performance indices, indices of joint limits, and finally global performance indices. In addition, we review the strategies that have been proposed to solve the problems that occur when the units of the Jacobian matrix elements are not homogeneous. At the end of this paper, we propose a set of global performance indices that can be useful in the design of robot manipulators.},
author = {Moreno, H{\'{e}}ctor A. and Saltaren, Roque and Carrera, Isela and Puglisi, Lisandro and Aracil, Rafael},
doi = {10.1016/j.riai.2012.02.005},
file = {:home/julius/.local/share/data/Mendeley Ltd./Mendeley Desktop/Downloaded/Moreno et al. - 2012 - {\`{I}}ndices de Desempe{\~{n}}o de Robots Manipuladores una revisi{\'{o}}n del Estado del Arte.pdf:pdf},
isbn = {1697-7912},
issn = {16977912},
journal = {Revista Iberoamericana de Autom{\'{a}}tica e Inform{\'{a}}tica Industrial RIAI},
keywords = {Cinetost{\'{a}}tico,Din{\'{a}}mico,Dynamic,Global,Globales,Joint Limits,Kinetostatic,Limites Articulares,Performance Indices,{\`{I}}ndices de desempe{\~{n}}o},
number = {2},
pages = {111--122},
title = {{{\`{I}}ndices de Desempe{\~{n}}o de Robots Manipuladores: una revisi{\'{o}}n del Estado del Arte}},
url = {http://www.sciencedirect.com/science/article/pii/S1697791212000064},
volume = {9},
year = {2012}
}
@book{Lunze2016,
address = {Berlin, Heidelberg},
author = {Lunze, Jan},
doi = {10.1007/978-3-662-52678-1},
file = {:home/julius/.local/share/data/Mendeley Ltd./Mendeley Desktop/Downloaded/Lunze - 2016 - Regelungstechnik 1.pdf:pdf},
isbn = {978-3-662-52677-4},
publisher = {Springer Berlin Heidelberg},
title = {{Regelungstechnik 1}},
url = {http://link.springer.com/10.1007/978-3-662-52678-1},
year = {2016}
}
@book{Lunze2016,
address = {Berlin, Heidelberg},
author = {Lunze, Jan},
doi = {10.1007/978-3-662-52678-1},
file = {:home/julius/.local/share/data/Mendeley Ltd./Mendeley Desktop/Downloaded/Lunze - 2016 - Regelungstechnik 1.pdf:pdf},
isbn = {978-3-662-52677-4},
publisher = {Springer Berlin Heidelberg},
title = {{Regelungstechnik 1}},
url = {http://link.springer.com/10.1007/978-3-662-52678-1},
year = {2016}
}
@article{Patel2014,
author = {Patel, Sarosh and Sobh, Tarek},
doi = {10.1007/s10846-014-0024-y},
file = {:home/julius/.local/share/data/Mendeley Ltd./Mendeley Desktop/Downloaded/Patel, Sobh - 2014 - Manipulator Performance Measures - A Comprehensive Literature Survey.pdf:pdf},
isbn = {1084601400},
issn = {15730409},
journal = {Journal of Intelligent and Robotic Systems: Theory and Applications},
keywords = {Dynamic,Extrinsic,Global,Intrinsic,Kinematic,Local,Manipulator metrics,Performance index},
number = {3-4},
pages = {547--570},
title = {{Manipulator Performance Measures - A Comprehensive Literature Survey}},
volume = {77},
year = {2014}
}
@book{Lunze2016,
address = {Berlin, Heidelberg},
author = {Lunze, Jan},
doi = {10.1007/978-3-662-52678-1},
file = {:home/julius/.local/share/data/Mendeley Ltd./Mendeley Desktop/Downloaded/Lunze - 2016 - Regelungstechnik 1.pdf:pdf},
isbn = {978-3-662-52677-4},
publisher = {Springer Berlin Heidelberg},
title = {{Regelungstechnik 1}},
url = {http://link.springer.com/10.1007/978-3-662-52678-1},
year = {2016}
}
@article{Lagoa2002,
author = {Lagoa, C M and Barmish, B R},
journal = {IFAC Proceedings Volumes},
title = {{Distributionally robust Monte Carlo simulation: A tutorial survey}},
url = {http://www.sciencedirect.com/science/article/pii/S1474667015387814},
year = {2002}
}
@article{Fedele2009a,
abstract = {In this paper an identification method to estimate the parameters of a first order plus time delay model is proposed. Such a method directly obtains these parameters using a new linear regression equation. No iterations in calculation are needed. A simple true/false criterion to establish if the hypothesis on the process type is correct can be easily derived. The proposed method shows an acceptable robustness to disturbance and measurement noise as it is confirmed by several simulated experiments.},
author = {Fedele, Giuseppe},
file = {::},
journal = {Journal of the Franklin Institute},
keywords = {Algebraic identification,First order plus time delay model,Least-squares method},
title = {{A new method to estimate a first-order plus time delay model from step response}},
url = {http://s3.amazonaws.com/academia.edu.documents/41626596/A{\_}new{\_}method{\_}to{\_}estimate{\_}a{\_}first-order{\_}p20160127-1753-sogvnl.pdf?AWSAccessKeyId=AKIAIWOWYYGZ2Y53UL3A{\&}Expires=1494916663{\&}Signature=pAvbvKu2oGpo2{\%}252BSoKdGWZcjQL6E{\%}253D{\&}response-content-disposition=inl},
year = {2009}
}
@misc{Chiacchio1991,
author = {Chiacchio, Pasquale and Chiaverini, Stefano and Sciavicco, Lorenzo and Siciliano, Bruno},
booktitle = {IEEE International Conference on Robotics and Automation},
doi = {10.1109/ROBOT.1991.131955},
file = {:home/julius/.local/share/data/Mendeley Ltd./Mendeley Desktop/Downloaded/Chiacchio et al. - 1991 - Reformulation of dynamic manipulability ellipsoid for robotic manipulators.pdf:pdf},
isbn = {081862163X},
issn = {10504729},
pages = {2192--2197},
title = {{Reformulation of dynamic manipulability ellipsoid for robotic manipulators}},
year = {1991}
}
@book{Siciliano2016,
address = {Cham},
doi = {10.1007/978-3-319-32552-1},
editor = {Siciliano, Bruno and Khatib, Oussama},
isbn = {978-3-319-32550-7},
publisher = {Springer International Publishing},
title = {{Springer Handbook of Robotics}},
url = {http://link.springer.com/10.1007/978-3-319-32552-1},
year = {2016}
}
@book{Lunze2014,
address = {Berlin, Heidelberg},
author = {Lunze, Jan},
doi = {10.1007/978-3-642-53944-2},
file = {:home/julius/.local/share/data/Mendeley Ltd./Mendeley Desktop/Downloaded/Lunze - 2014 - Regelungstechnik 2.pdf:pdf},
isbn = {978-3-642-53943-5},
publisher = {Springer Berlin Heidelberg},
series = {Springer-Lehrbuch},
title = {{Regelungstechnik 2}},
url = {http://link.springer.com/10.1007/978-3-642-53944-2},
year = {2014}
}
@article{Li2006d,
author = {Li, Y and Ang, KH and Chong, GCY},
file = {:home/julius/.local/share/data/Mendeley Ltd./Mendeley Desktop/Downloaded/Li, Ang, Chong - 2006 - PID control system analysis and design(4).pdf:pdf},
journal = {IEEE Control Systems},
title = {{PID control system analysis and design}},
url = {http://ieeexplore.ieee.org/abstract/document/1580152/},
year = {2006}
}
@book{P.CvitanovicR.ArtusoR.Mainieri2016,
address = {Copenhagen},
author = {{P. Cvitanovi'c, R. Artuso, R. Mainieri}, G. Tanner and G. Vattay},
editor = {Vattay, P. Cvitanovi'c and R. Artuso and R. Mainieri and G. Tanner and G.},
publisher = {Niels Bohr Institute},
title = {{Chaos: Classical and Quantum}},
url = {http://chaosbook.org/},
year = {2016}
}
@book{Lunze2014,
address = {Berlin, Heidelberg},
author = {Lunze, Jan},
doi = {10.1007/978-3-642-53944-2},
file = {:home/julius/.local/share/data/Mendeley Ltd./Mendeley Desktop/Downloaded/Lunze - 2014 - Regelungstechnik 2.pdf:pdf},
isbn = {978-3-642-53943-5},
publisher = {Springer Berlin Heidelberg},
series = {Springer-Lehrbuch},
title = {{Regelungstechnik 2}},
url = {http://link.springer.com/10.1007/978-3-642-53944-2},
year = {2014}
}
@article{Yoshikawa1985a,
abstract = {The concept of dynamic manipulability measure of robot arms is proposed as a quantitative measure of their manipulating ability in positioning and orienting the end-effectors, which takes the arm dynamics into consideration. This measure is defined on the basis of the relation between the joint driving force and the acceleration of the end-effector. Some properties of the measure are established. A two-joint link mechanism is analyzed and its best posture is obtained under certain condition from the viewpoint of this measure. A numerical example is also given to illustrate the utilization of this concept for the design of robot manipulators.},
author = {Yoshikawa, T.},
doi = {10.1109/ROBOT.1985.1087277},
file = {:home/julius/.local/share/data/Mendeley Ltd./Mendeley Desktop/Downloaded/Yoshikawa - 1985 - Dynamic manipulability of robot manipulators.pdf:pdf},
isbn = {081862163X},
issn = {0741-2223},
journal = {Proceedings. 1985 IEEE International Conference on Robotics and Automation},
pages = {1033--1038},
title = {{Dynamic manipulability of robot manipulators}},
volume = {2},
year = {1985}
}
@book{Lunze2014,
address = {Berlin, Heidelberg},
author = {Lunze, Jan},
doi = {10.1007/978-3-642-53944-2},
file = {:home/julius/.local/share/data/Mendeley Ltd./Mendeley Desktop/Downloaded/Lunze - 2014 - Regelungstechnik 2.pdf:pdf},
isbn = {978-3-642-53943-5},
publisher = {Springer Berlin Heidelberg},
series = {Springer-Lehrbuch},
title = {{Regelungstechnik 2}},
url = {http://link.springer.com/10.1007/978-3-642-53944-2},
year = {2014}
}
@article{Ray1993,
author = {Ray, Laura Ryan and Stengel, Robert F},
doi = {10.1016/0005-1098(93)90187-X},
issn = {00051098},
journal = {Automatica},
month = {jan},
number = {1},
pages = {229--236},
title = {{A monte carlo approach to the analysis of control system robustness}},
url = {http://linkinghub.elsevier.com/retrieve/pii/000510989390187X},
volume = {29},
year = {1993}
}
@article{Moreno2012,
abstract = {Los {\{}{\`{i}}{\}}ndices de desempe{\{}{\~{n}}{\}}o son importantes herramientas para la planificaci{\{}{\'{o}}{\}}n de movimientos y el dise{\{}{\~{n}}{\}}o de robots manipuladores. En este trabajo se presenta una colecci{\{}{\'{o}}{\}}n de algunos de los {\{}{\`{i}}{\}}ndices de desempe{\{}{\~{n}}{\}}o que mayor inter{\{}{\'{e}}{\}}s han generado en la comunidad dedicada a la rob{\{}{\'{o}}{\}}tica. Se presentan {\{}{\`{i}}{\}}ndices de desempe{\{}{\~{n}}{\}}o cinetost{\{}{\'{a}}{\}}tico, din{\{}{\'{a}}{\}}mico, de l{\{}{\`{i}}{\}}mites articulares, e {\{}{\`{i}}{\}}ndices definidos sobre el espacio de trabajo. Adem{\{}{\'{a}}{\}}s, se realiza una revisi{\{}{\'{o}}{\}}n sobre las estrategias que se han propuesto para solventar los problemas que aparecen cuando las unidades de los elementos de la matriz Jacobiana no son homog{\{}{\'{e}}{\}}neas. Al final de este trabajo, proponemos una serie {\{}{\`{i}}{\}}ndices de desempe{\{}{\~{n}}{\}}o globales que pueden resultar {\{}{\'{u}}{\}}tiles en el dise{\{}{\~{n}}{\}}o de robots manipuladores. The performance indices are important tools for motion planning and design of robot manipulators. In this paper we present a collection of some of the performance indices that have generated interest in the robotics community. These indices are four different types: kinetostatic performance indices, dynamic performance indices, indices of joint limits, and finally global performance indices. In addition, we review the strategies that have been proposed to solve the problems that occur when the units of the Jacobian matrix elements are not homogeneous. At the end of this paper, we propose a set of global performance indices that can be useful in the design of robot manipulators.},
author = {Moreno, H{\'{e}}ctor A and Saltaren, Roque and Carrera, Isela and Puglisi, Lisandro and Aracil, Rafael},
doi = {10.1016/j.riai.2012.02.005},
isbn = {1697-7912},
issn = {16977912},
journal = {Revista Iberoamericana de Autom{\{}{\'{a}}{\}}tica e Inform{\{}{\'{a}}{\}}tica Industrial RIAI},
keywords = {Cinetost{\{}{\'{a}}{\}}tico,Din{\{}{\'{a}}{\}}mico,Dynamic,Global,Globales,Joint Limits,Kinetostatic,Limites Articulares,Performance Indices,{\{}{\`{I}}{\}}ndices de desempe{\{}{\~{n}}{\}}o},
number = {2},
pages = {111--122},
title = {{{\{}{\`{I}}{\}}ndices de Desempe{\{}{\~{n}}{\}}o de Robots Manipuladores: una revisi{\{}{\'{o}}{\}}n del Estado del Arte}},
url = {http://www.sciencedirect.com/science/article/pii/S1697791212000064},
volume = {9},
year = {2012}
}
@book{Lunze2014,
address = {Berlin, Heidelberg},
author = {Lunze, Jan},
doi = {10.1007/978-3-642-53944-2},
file = {:home/julius/.local/share/data/Mendeley Ltd./Mendeley Desktop/Downloaded/Lunze - 2014 - Regelungstechnik 2.pdf:pdf},
isbn = {978-3-642-53943-5},
publisher = {Springer Berlin Heidelberg},
series = {Springer-Lehrbuch},
title = {{Regelungstechnik 2}},
url = {http://link.springer.com/10.1007/978-3-642-53944-2},
year = {2014}
}
@book{Wittenburg2016,
address = {Berlin, Heidelberg},
author = {Wittenburg, Jens},
doi = {10.1007/978-3-662-48487-6},
isbn = {978-3-662-48486-9},
publisher = {Springer Berlin Heidelberg},
title = {{Kinematics}},
url = {http://link.springer.com/10.1007/978-3-662-48487-6},
year = {2016}
}
@book{Bronshtein2015,
abstract = {Review From the reviews: Ingram "Handbook of Mathematics" contains the fundamental working knowledge of mathematics which is needed as an everyday guide for both students and professionals in the areas of physics, mathematics, and engineering. Covering material from the introductory level through to more advanced applications, this classic handbook also presents tables of many important functions. 95 illus Pub: 5/97. Product Description This guidebook to mathematics contains, in handbook form, the fundamental working knowledge of mathematics that is needed as an everyday guide for working scientists, engineers, and students. Easy to understand, and convenient to use, this guidebook provides the information necessary to evaluate most problems which occur in concrete applications. This fourth edition has been fully revised and now contains a new emphasis on those fields of mathematics that have become more important for the formulation and modeling of technical and natural processes, namely Numerical Mathematics, Probability Theory and Statistics, as well as Information Processing.},
address = {Berlin, Heidelberg},
author = {Bronshtein, I. N. and Semendyayev, K. A. and Musiol, Gerhard and M{\"{u}}hlig, Heiner},
booktitle = {Handbook of Mathematics, Sixth Edition},
doi = {10.1007/978-3-662-46221-8},
isbn = {9783662462218},
issn = {03783804},
pages = {1--1211},
publisher = {Springer Berlin Heidelberg},
title = {{Handbook of mathematics, sixth edition}},
url = {http://link.springer.com/10.1007/978-3-662-46221-8},
year = {2015}
}
@book{Arias2005b,
abstract = {Thèse--Royal Institute of Technology, 2005.},
author = {Arias, Jaime. and {Kungliga tekniska högskolan (Stockholm)}},
isbn = {9171780750},
pages = {256},
publisher = {Royal Institute of Technology},
title = {{Energy usage in supermarkets : modelling and field measurements}},
year = {2005}
}
@book{Lunze2014,
address = {Berlin, Heidelberg},
annote = {WEITERLESEN

Zu Kapitel 5
Hier wird im allg. ein Verfahren auf Grundlage der Zustandsraumdarstellung benutzt.
Dazu wird Gegenkopplungsbedingung ( Inverse der Statischen Verst{\{}{\"{a}}{\}}rkung -{\{}{\textgreater}{\}} regul{\{}{\"{a}}{\}}r! ) benutzt um die kI auszulegen.

Einzige Bedingung ist demnach, dass det(KS KI) {\{}{\textgreater}{\}} 0 ist.

Grunds{\{}{\"{a}}{\}}tzlich:
KI soll so gew{\{}{\"{a}}{\}}hlt werden, dass die Pole alle in LHE sind. Dies geschieht durch schrittweise erh{\{}{\"{o}}{\}}hen des Tuningfaktors a, der letztendlich eine Matrix skaliert und mit ihr KI bildet.
Zun{\{}{\"{a}}{\}}chst starten alle bei Null, dann weiter bis der Realteil aller Eigenwerte des geschlossenen Kreises kleiner Null ist.

Letzendlich wird eine Gewichtung zwischen},
author = {Lunze, Jan},
doi = {10.1007/978-3-642-53944-2},
file = {:home/julius/.local/share/data/Mendeley Ltd./Mendeley Desktop/Downloaded/Lunze - 2014 - Regelungstechnik 2.pdf:pdf},
isbn = {978-3-642-53943-5},
publisher = {Springer Berlin Heidelberg},
series = {Springer-Lehrbuch},
title = {{Regelungstechnik 2}},
url = {http://link.springer.com/10.1007/978-3-642-53944-2},
year = {2014}
}
@book{Adamy2014,
address = {Berlin, Heidelberg},
archivePrefix = {arXiv},
arxivId = {arXiv:1011.1669v3},
author = {Adamy, J{\"{u}}rgen},
doi = {10.1007/978-3-642-45013-6},
eprint = {arXiv:1011.1669v3},
file = {:home/julius/.local/share/data/Mendeley Ltd./Mendeley Desktop/Downloaded/Adamy - 2014 - Nichtlineare Systeme und Regelungen.pdf:pdf},
isbn = {978-3-642-45012-9},
issn = {1098-6596},
pages = {626},
pmid = {25246403},
publisher = {Springer Berlin Heidelberg},
title = {{Nichtlineare Systeme und Regelungen}},
url = {http://link.springer.com/10.1007/978-3-642-45013-6},
year = {2014}
}
@book{Dankert2011,
address = {Wiesbaden},
author = {Dankert, J{\"{u}}rgen and Dankert, Helga},
doi = {10.1007/978-3-8348-9840-1},
isbn = {978-3-8348-1375-6},
publisher = {Vieweg+Teubner},
title = {{Technische Mechanik}},
url = {http://link.springer.com/10.1007/978-3-8348-9840-1},
year = {2011}
}
@book{Lunze2016,
address = {Berlin, Heidelberg},
author = {Lunze, Jan},
doi = {10.1007/978-3-662-52678-1},
file = {:home/julius/.local/share/data/Mendeley Ltd./Mendeley Desktop/Downloaded/Lunze - 2016 - Regelungstechnik 1.pdf:pdf},
isbn = {978-3-662-52677-4},
publisher = {Springer Berlin Heidelberg},
title = {{Regelungstechnik 1}},
url = {http://link.springer.com/10.1007/978-3-662-52678-1},
year = {2016}
}
@phdthesis{Martensen2016,
annote = {Sinnigkeit der Arbeit hinzuf{\"{u}}gen!

Generell {\"{U}}berschriften Nomen Gro{\ss}

GLEICHUNGEN:

Eq. ( ref )

SMALL TIME LOCAL CONTROLABILITY

generalized joint variables
... forces
...velocities

ALLES VERWEISEN, SONST PLAGIAT},
author = {Martensen, Julius},
file = {:home/julius/.local/share/data/Mendeley Ltd./Mendeley Desktop/Downloaded/Martensen - 2016 - Development of different Dexterity measures.pdf:pdf;:home/julius/.local/share/data/Mendeley Ltd./Mendeley Desktop/Downloaded/Martensen - 2016 - Development of different Dexterity measures(2).pdf:pdf},
title = {{Development of different Dexterity measures}},
year = {2016}
}
@article{Doty1995,
abstract = {This paper demonstrates fundamental problems with dexterity$\backslash$nmeasures found throughout the robotics literature and offers a$\backslash$nmethodology for correcting those problems. Measures of robot dexterity$\backslash$nderived from eigenvalues, eigenvectors, similarity transformations,$\backslash$nsingular-value decompositions and the Moore-Penrose inverse of the$\backslash$nmanipulator Jacobian do not have invariant physical meaning. The paper$\backslash$npresents manipulability ellipsoids and manipulability screw-subspaces$\backslash$nfor both redundant and nonredundant manipulators},
author = {Doty, Keith L. and Schwartz, Eric M. and Melchiorri, Claudio and Bonivento, Claudio},
doi = {10.1109/70.388791},
file = {:home/julius/.local/share/data/Mendeley Ltd./Mendeley Desktop/Downloaded/Doty et al. - 1995 - Robot Manipulability.pdf:pdf},
isbn = {1042-296X},
issn = {1042296X},
journal = {IEEE Transactions on Robotics and Automation},
number = {3},
pages = {462--468},
title = {{Robot Manipulability}},
volume = {11},
year = {1995}
}
@article{Astrom2001b,
author = {Astrom, KJ and Johansson, KH},
file = {:home/julius/.local/share/data/Mendeley Ltd./Mendeley Desktop/Downloaded/Astrom, Johansson - 2001 - Design of decoupled PID controllers for MIMO systems.pdf:pdf},
journal = {Control Conference, 2001 {\ldots}},
title = {{Design of decoupled PID controllers for MIMO systems}},
url = {http://ieeexplore.ieee.org/abstract/document/946038/},
year = {2001}
}
@article{Berner2016,
abstract = {The relay autotuner provides a simple way of finding PID controller parameters. Even though relay autotuning is much investigated in the literature, the practical aspects are not that well-documented. In this paper an asymmetric relay autotuner with features such as a startup procedure and adaptive relay amplitudes is proposed. Parameter choices and handling of noise, disturbances, start in non-steady state and other possible error sources are discussed. The autotuner is implemented and tested on an industrial air handling unit to show its use in practice. The experiments show good results, and prove that the proposed simple autotuner is well-suited for industrial use. But the experiments also enlighten possible error sources and remaining problems.},
author = {Berner, Josefin and H{\"{a}}gglund, Tore and {\AA}str{\"{o}}m, Karl Johan},
doi = {10.1016/j.conengprac.2016.05.017},
issn = {09670661},
journal = {Control Engineering Practice},
keywords = {Air handling unit,Asymmetric relay autotuning,Industrial experiment,PID control,Practical features},
title = {{Asymmetric relay autotuning – Practical features for industrial use}},
year = {2016}
}
@inproceedings{Bowling,
author = {Bowling, A. and Khatib, O.},
booktitle = {Proceedings 2003 IEEE/RSJ International Conference on Intelligent Robots and Systems (IROS 2003) (Cat. No.03CH37453)},
doi = {10.1109/IROS.2003.1249669},
isbn = {0-7803-7860-1},
pages = {3325--3330},
publisher = {IEEE},
title = {{Non-redundant robotic manipulator acceleration capability and the actuation efficiency measure}},
url = {http://ieeexplore.ieee.org/lpdocs/epic03/wrapper.htm?arnumber=1249669},
volume = {3}
}
@article{Yoshikawa1985,
abstract = { The concept of manipulability measure of robotic mechanisms is discussed. This is a measure of manipulating ability of robotic mechanisms in positioning and orienting the end-effectors. Some properties of this measure are established and the best postures of various types of manipulators from the viewpoint of this measure are given. A four-joint wrist mechanism is also analyzed with respect to its manipulability, and a control algorithm for this redundant mechanism is developed.},
author = {Yoshikawa, T.},
doi = {10.1109/ROBOT.1985.1087283},
file = {:home/julius/.local/share/data/Mendeley Ltd./Mendeley Desktop/Downloaded/Yoshikawa - 1985 - Manipulability and redundancy control of robotic mechanisms.pdf:pdf},
issn = {0278-3649},
journal = {Proceedings. 1985 IEEE International Conference on Robotics and Automation},
pages = {1004--1009},
title = {{Manipulability and redundancy control of robotic mechanisms}},
volume = {2},
year = {1985}
}
