Automatically generated by Mendeley Desktop 1.17.10
Any changes to this file will be lost if it is regenerated by Mendeley.

BibTeX export options can be customized via Options -> BibTeX in Mendeley Desktop

@article{DosSantos,
abstract = {Second-Order plus Time-Delay (SOPTD) models are commonly used to approximate systems in order to tune PID controllers. Simple models are dominating for control design in industrial applications. Several estimation techniques have been developed and applied to controller design. Most estimation techniques are based on least-squares and excitations such as step, square waves and pseudo-random signals. In order to speed up the experiments, simple and short excitations have also been considered. In this paper alternatives are proposed to robustify the estimates in order to obtain a better model around important frequencies. Simulation results are presented to illustrate the techniques.},
author = {{Dos Santos}, Jo{\~{a}}o B M and Barros, P{\'{e}}ricles R},
file = {:C$\backslash$:/Users/juliu/AppData/Local/Mendeley Ltd./Mendeley Desktop/Downloaded/Dos Santos, Barros - Unknown - A Simple Identification Technique for Second-Order plus Time-Delay Systems.pdf:pdf},
keywords = {SOPTD models,least-squares,parameter estimation,relay excitation,system identification},
title = {{A Simple Identification Technique for Second-Order plus Time-Delay Systems}},
url = {https://pdfs.semanticscholar.org/c572/3d859502483c11d34ddfd7159f552d569adb.pdf}
}
@book{Weigand2013,
address = {Berlin, Heidelberg},
author = {Weigand, Bernhard and K{\"{o}}hler, J{\"{u}}rgen and von Wolfersdorf, Jens},
doi = {10.1007/978-3-642-37233-9},
file = {:C$\backslash$:/Users/juliu/Documents/Bernhard{\_}Weigand,{\_}J{\"{u}}rgen{\_}K{\"{o}}hler,{\_}Jens{\_}Wolfersdorf{\_}auth.{\_}Thermodynamik{\_}kompakt.pdf:pdf},
isbn = {978-3-642-37232-2},
publisher = {Springer Berlin Heidelberg},
series = {Springer-Lehrbuch},
title = {{Thermodynamik kompakt}},
url = {http://link.springer.com/10.1007/978-3-642-37233-9},
year = {2013}
}
@book{Lunze2014,
address = {Berlin, Heidelberg},
annote = {WEITERLESEN

Zu Kapitel 5
Hier wird im allg. ein Verfahren auf Grundlage der Zustandsraumdarstellung benutzt.
Dazu wird Gegenkopplungsbedingung ( Inverse der Statischen Verst{\"{a}}rkung -{\textgreater} regul{\"{a}}r! ) benutzt um die kI auszulegen.

Einzige Bedingung ist demnach, dass det(KS KI) {\textgreater} 0 ist.

Grunds{\"{a}}tzlich:
KI soll so gew{\"{a}}hlt werden, dass die Pole alle in LHE sind. Dies geschieht durch schrittweise erh{\"{o}}hen des Tuningfaktors a, der letztendlich eine Matrix skaliert und mit ihr KI bildet.
Zun{\"{a}}chst starten alle bei Null, dann weiter bis der Realteil aller Eigenwerte des geschlossenen Kreises kleiner Null ist.

Letzendlich wird eine Gewichtung zwischen 



},
author = {Lunze, Jan},
doi = {10.1007/978-3-642-53944-2},
file = {:C$\backslash$:/Users/juliu/AppData/Local/Mendeley Ltd./Mendeley Desktop/Downloaded/Lunze - 2014 - Regelungstechnik 2.pdf:pdf},
isbn = {978-3-642-53943-5},
publisher = {Springer Berlin Heidelberg},
series = {Springer-Lehrbuch},
title = {{Regelungstechnik 2}},
url = {http://link.springer.com/10.1007/978-3-642-53944-2},
year = {2014}
}
@book{Keesman2011,
abstract = {Following an introduction on system theory, this book shows the reader how to approach the system identification problem in a systematic fashion. It aims to teach students the fundamentals of systems identification without unduly complicated mathematics-- pt. 1. Data-based identification -- pt. 2. Time-invariant systems indentification -- pt. 3. Time-varying systems indentification -- pt. 4. Model validation.},
author = {Keesman, K. J.},
file = {:C$\backslash$:/Users/juliu/AppData/Local/Mendeley Ltd./Mendeley Desktop/Downloaded/Keesman - 2011 - System identification an introduction.pdf:pdf},
isbn = {0857295225},
pages = {323},
publisher = {Springer},
title = {{System identification : an introduction}},
url = {https://books.google.de/books/about/System{\_}Identification.html?id=gHssIP{\_}dDwUC{\&}redir{\_}esc=y},
year = {2011}
}
@book{Adamy2014,
address = {Berlin, Heidelberg},
archivePrefix = {arXiv},
arxivId = {arXiv:1011.1669v3},
author = {Adamy, J{\"{u}}rgen},
doi = {10.1007/978-3-642-45013-6},
eprint = {arXiv:1011.1669v3},
file = {:C$\backslash$:/Users/juliu/AppData/Local/Mendeley Ltd./Mendeley Desktop/Downloaded/Adamy - 2014 - Nichtlineare Systeme und Regelungen(2).pdf:pdf},
isbn = {978-3-642-45012-9},
issn = {1098-6596},
pages = {626},
pmid = {25246403},
publisher = {Springer Berlin Heidelberg},
title = {{Nichtlineare Systeme und Regelungen}},
url = {http://link.springer.com/10.1007/978-3-642-45013-6},
year = {2014}
}
@book{Lunze2016,
address = {Berlin, Heidelberg},
author = {Lunze, Jan},
doi = {10.1007/978-3-662-52678-1},
file = {:C$\backslash$:/Users/juliu/AppData/Local/Mendeley Ltd./Mendeley Desktop/Downloaded/Lunze - 2016 - Regelungstechnik 1.pdf:pdf},
isbn = {978-3-662-52677-4},
publisher = {Springer Berlin Heidelberg},
title = {{Regelungstechnik 1}},
url = {http://link.springer.com/10.1007/978-3-662-52678-1},
year = {2016}
}
@book{Zhou1998,
abstract = {Literaturverz. S. 391 - 405.},
author = {Zhou, Kemin. and Doyle, John Comstock.},
isbn = {0135258332},
pages = {411},
publisher = {Prentice Hall},
title = {{Essentials of robust control}},
url = {https://www.ece.lsu.edu/kemin/essentials.htm},
year = {1998}
}
@book{Wang2006,
address = {Berlin, Heidelberg},
author = {Wang, Qing-Guo},
doi = {10.1007/3-540-46151-5},
file = {:C$\backslash$:/Users/juliu/AppData/Local/Mendeley Ltd./Mendeley Desktop/Downloaded/Wang - 2006 - Decoupling Control(2).pdf:pdf},
isbn = {978-3-540-44128-1},
publisher = {Springer Berlin Heidelberg},
series = {Lecture Notes in Control and Information Sciences},
title = {{Decoupling Control}},
url = {http://link.springer.com/10.1007/3-540-46151-5},
volume = {285},
year = {2006}
}
@article{Astrom2009,
author = {Astr{\"{o}}m, Karl Joha and Murray, Richard M},
file = {:C$\backslash$:/Users/juliu/AppData/Local/Mendeley Ltd./Mendeley Desktop/Downloaded/Astr{\"{o}}m, Murray - 2009 - Feedback Systems An Introduction for Scientists and Engineers.pdf:pdf},
title = {{Feedback Systems An Introduction for Scientists and Engineers}},
url = {http://press.princeton.edu/titles/8701.html.},
year = {2009}
}
@inproceedings{Morilla2008,
author = {Morilla, Fernando and Vazquez, Francisco and Garrido, Juan},
booktitle = {2008 IEEE Int. Conf. Emerg. Technol. Fact. Autom.},
doi = {10.1109/ETFA.2008.4638570},
file = {:C$\backslash$:/Users/juliu/AppData/Local/Mendeley Ltd./Mendeley Desktop/Downloaded/Morilla, Vazquez, Garrido - 2008 - Centralized PID control by decoupling for TITO processes.pdf:pdf},
isbn = {978-1-4244-1505-2},
month = {sep},
pages = {1318--1325},
publisher = {IEEE},
title = {{Centralized PID control by decoupling for TITO processes}},
url = {http://ieeexplore.ieee.org/document/4638570/},
year = {2008}
}
@article{Mete2006,
author = {Mete, AN and Gundes, AN and Ozbay, H},
file = {:C$\backslash$:/Users/juliu/AppData/Local/Mendeley Ltd./Mendeley Desktop/Downloaded/Mete, Gundes, Ozbay - 2006 - Decoupled PID controller synthesis for MIMO plants with IO delays.pdf:pdf},
journal = {Decis. Control. 2006},
title = {{Decoupled PID controller synthesis for MIMO plants with I/O delays}},
url = {http://ieeexplore.ieee.org/abstract/document/4177644/},
year = {2006}
}
@article{Doyle,
author = {Doyle, John and Francis, Bruce and Tannenbaum, Allen},
file = {:C$\backslash$:/Users/juliu/AppData/Local/Mendeley Ltd./Mendeley Desktop/Downloaded/Doyle, Francis, Tannenbaum - Unknown - Feedback Control Theory.pdf:pdf},
title = {{Feedback Control Theory}},
url = {http://www.control.utoronto.ca/people/profs/francis/dft.pdf}
}
@article{Ljung2010,
author = {Ljung, L},
file = {:C$\backslash$:/Users/juliu/AppData/Local/Mendeley Ltd./Mendeley Desktop/Downloaded/Ljung - 2010 - Perspectives on system identification.pdf:pdf},
journal = {Annu. Rev. Control},
title = {{Perspectives on system identification}},
url = {http://www.sciencedirect.com/science/article/pii/S1367578810000027},
year = {2010}
}
@book{Astrom1995,
abstract = {2nd ed. Rev. ed. of: Automatic tuning of PID controllers. c1988.},
author = {Åström, Karl J. (Karl Johan) and Hägglund, Tore. and Åström, Karl J. (Karl Johan)},
file = {:C$\backslash$:/Users/juliu/Documents/Karl{\_}J.{\_}Astrom,{\_}Tore{\_}Hagglund{\_}PID{\_}Controllers.pdf:pdf},
isbn = {9781556175169},
publisher = {International Society for Measurement and Control},
title = {{PID controllers}},
url = {https://ww2.isa.org/store/products/product-detail/?productId=116103},
year = {1995}
}
@book{Glad2000,
abstract = {1.1 Multivariable Systems 2 -- 1.2 Nonlinear Systems 5 -- 1.3 Discrete and Continuous Time Models and Controllers 6 -- 1.4 Some Basic Concepts in Control 8 -- 1.5 Gain and Signal Size 15 -- 1.6 Stability and the Small Gain Theorem 18 -- Part I Linear Systems 25 -- 2 Representation of Linear Systems 27 -- 2.1 Impulse Response and Weighting Function 27 -- 2.2 Transfer Function Matrices 28 -- 2.3 Transfer Operator 30 -- 2.4 Input--Output Equations 30 -- 2.5 State Space Form 31 -- 2.6 Discrete Time Systems 37 -- 3 Properties of Linear Systems 43 -- 3.1 Solving the System Equations 43 -- 3.2 Controllability and Observability 44 -- 3.3 Poles and Zeros 48 -- 3.4 Stability 53 -- 3.5 Frequency Response and Frequency Functions 58 -- 3.6 Model Reduction 63 -- 3.7 Discrete Time Systems 68 -- 3A Proofs 79 -- 4 Sampled Data Systems 83 -- 4.1 Approximating Continuous Time Systems 83 -- 4.2 System Sampling 85 -- 4.3 Poles and Zeros 90 -- 4.4 Controllability and Observability 93 -- 4.5 Frequency Functions 96 -- 5 Disturbance Models 101 -- 5.1 Disturbances 101 -- 5.2 Signal Size and Scaling 103 -- 5.3 Spectral Description of Disturbances 106 -- 5.4 Description of Disturbances in the Time Domain 112 -- 5.5 Estimation of One Signal from Another 114 -- 5.6 Measurement and System Disturbances 116 -- 5.7 Observers and Kalman Filters 124 -- 5.8 Discrete Time Systems 131 -- 5.9 Practical Aspects of Signal Sampling 139 -- 5A Proofs 141 -- Part II Linear Control Theory 145 -- 6 Closed Loop System 147 -- 6.1 Transfer Functions of the Closed Loop System 147 -- 6.2 Stability of the Closed System 150 -- 6.3 Sensitivity and Robustness 152 -- 6.4 Specifications 155 -- 6.5 Specifications in the Time Domain 156 -- 6.6 Specifications in the Frequency Domain 159 -- 6.7 Sampled Data Controllers 164 -- 7 Basic Limitations in Control Design 171 -- 7.1 Scaling of Variables 171 -- 7.2 Intuitive Analysis 172 -- 7.3 Loop Gain Limitations 176 -- 7.4 S and T: Individual Limitations 179 -- 7.5 Consequences for the System Performance 186 -- 7.6 Effects of Control Signal Bounds 192 -- 7.7 Multivariable Case 195 -- 7.8 Some Examples 201 -- 7A Proofs 209 -- 8 Controller Structures and Control Design 215 -- 8.1 Main Ideas 216 -- 8.2 Configuration of Multivariable Controllers 219 -- 8.3 Internal Model Control 228 -- 8.4 Feedback from Reconstructed States 233 -- 9 Minimization of Quadratic Criteria: LQG 239 -- 9.1 Criterion and the Main Ideas 239 -- 9.2 Optimal Controller: Main Results 242 -- 9.3 Some Practical Aspects 247 -- 9.4 Robustness for LQG Controllers 257 -- 9.5 Discrete Time Systems 264 -- 9A Proofs 273 -- 10 Loop Shaping 277 -- 10.1 Direct Methods 277 -- 10.2 Formalization of the Requirements 278 -- 10.3 Optimal H[subscript 2] Control 284 -- 10.4 Optimal H[subscript infinity] Control 285 -- 10.5 Robust Loop Shaping 293 -- 10.6 Discrete Time Systems 300 -- 10A To Decrease the Spread of the Singular Values 303 -- Part III Nonlinear Control Theory 305 -- 11 Describing Nonlinear Systems 307 -- 11.1 Linear Versus Nonlinear 308 -- 11.2 Examples of Nonlinear Systems 312 -- 11.3 Mathematical Description 314 -- 11.4 Equilibria and Linearization 317 -- 12 Stability of Nonlinear Systems 321 -- 12.1 Stability of Equilibria 321 -- 12.2 Stability and Lyapunov Functions 323 -- 12.3 Circle Criterion 329 -- 12A Proofs 337 -- 13 Phase Plane Analysis 339 -- 13.1 Phase Planes for Linear Systems 339 -- 13.2 Phase Planes for Nonlinear Systems 346 -- 14 Oscillations and Describing Functions 355 -- 14.1 Describing Function Method 356 -- 14.2 Computing Amplitude and Frequency of Oscillations 360 -- 14A Some Describing Functions 366 -- 15 Controller Synthesis for Nonlinear Systems 371 -- 15.1 Linearg Design and Nonlinear Verification 371 -- 15.2 Nonlinear Internal Model Control 372 -- 15.3 Parametric Optimization 374 -- 15.4 Other Approaches 377 -- 15.5 State Feedback and Observer 378 -- 16 Model Predictive Control 383 -- 16.1 Basic Idea: Predict the Output 383 -- 16.2 [kappa]-step Prediction for Linear Systems 384 -- 16.3 Criterion and the Controller 385 -- 17 To Compensate Exactly for Nonlinearities 393 -- 17.1 Examples of Exact Linearization 393 -- 17.2 Relative Degree 395 -- 17.3 Input-Output Linearization 397 -- 17.4 Exact State Linearization 401 -- 18 Optimal Control 407 -- 18.1 Goddard Rocket Problem 407 -- 18.2 Maximum Principle 410 -- 18.3 Solution of the Goddard Rocket Problem 424 -- 18.4 Minimum Time Problems 428 -- 18.5 Optimal Feedback 436 -- 18.6 Numerical Methods 442 -- 18A Proof of the Maximum Principle 445.},
author = {Glad, Torkel. and Ljung, Lennart.},
file = {:C$\backslash$:/Users/juliu/Documents/Torkel Glad{\_} Lennart Ljung-Control theory {\_} multivariable and nonlinear methods-Taylor {\&} Francis (2000).pdf:pdf},
isbn = {0748408789},
pages = {467},
publisher = {Taylor {\&} Francis},
title = {{Control theory : multivariable and nonlinear methods}},
year = {2000}
}
@article{Bi1999,
author = {Bi, Qiang and Cai, Wen-Jian and Lee, Eng-Lock and Wang, Qing-Guo and Hang, Chang-Chieh and Zhang, Yong},
doi = {10.1016/S0967-0661(98)00166-X},
file = {:C$\backslash$:/Users/juliu/Downloads/bi1999.pdf:pdf},
issn = {09670661},
journal = {Control Eng. Pract.},
month = {jan},
number = {1},
pages = {71--77},
title = {{Robust identification of first-order plus dead-time model from step response}},
url = {http://linkinghub.elsevier.com/retrieve/pii/S096706619800166X},
volume = {7},
year = {1999}
}
@article{Berner2015,
abstract = {This thesis presents an improved version of the classic relay autotuner. The proposed autotuner uses an asymmetric relay function to better excite the process in the experiment phase. The improved excitation provides the possibility to obtain better models and hence better tuning, without making the autotuner more complicated or time consuming.{\textless}br/{\textgreater}{\textless}br/{\textgreater}Some processes demand more accurate modeling and tuning to obtain con-{\textless}br/{\textgreater}trollers of sufficient performance. The proposed autotuner can classify these processes from the experiment. In an advanced version of the autotuner an additional experiment could be dhttps://localhost/admin/login.phpesigned for these processes, in order to further increase the possibilities in modeling and tuning. The experiment design would then rely on information from the relay experiment. A simple version of the autotuner could instead make a somewhat better model estimation immediately, or suggest that some extra effort may be put in modeling if the control performance of the loop is crucial. The main focus in this thesis is on the simple version of the autotuner.{\textless}br/{\textgreater}{\textless}br/{\textgreater}The proposed autotuner uses the process classification for model and controller selection also in the simple version. The processes are classified according to their normalized time delays. In this thesis a simple method of finding the normalized time delay from the asymmetric relay experiment is presented and evaluated.{\textless}br/{\textgreater}{\textless}br/{\textgreater}Research presented on different versions of the relay autotuner is often based solely on simulations. In large simulation environments, the ability to automatically tune the large amount of PID controllers is practical and time-saving. However, the ability to use the autotuner in an industrial setting, requires considerations not always present in a simulation environment. This thesis investigates many of these issues, regarding parameter settings and possible error sources. The proposed autotuner is implemented, tested and evaluated both in a simulation environment and by industrial experiments. The simple version of the autotuner gives satisfactory results, both in simulations and on the industrial processes. Still, there is a possibility to further increase the performance by an advanced version of the autotuner.},
author = {Berner, Josefin},
file = {:C$\backslash$:/Users/juliu/AppData/Local/Mendeley Ltd./Mendeley Desktop/Downloaded/Berner - 2015 - Automatic Tuning of PID Controllers based on Asymmetric Relay Feedback.pdf:pdf},
keywords = {Reglerteknik},
publisher = {Department of Automatic Control, Lund Institute of Technology, Lund University},
title = {{Automatic Tuning of PID Controllers based on Asymmetric Relay Feedback}},
url = {https://lup.lub.lu.se/search/publication/44d2f23c-f801-4fc1-9298-a74d1c252e3d},
year = {2015}
}
@book{Struchtrup2014,
address = {Berlin, Heidelberg},
author = {Struchtrup, Henning},
doi = {10.1007/978-3-662-43715-5},
file = {:C$\backslash$:/Users/juliu/Documents/Struchtrup.pdf:pdf},
isbn = {978-3-662-43714-8},
publisher = {Springer Berlin Heidelberg},
title = {{Thermodynamics and Energy Conversion}},
url = {http://link.springer.com/10.1007/978-3-662-43715-5},
year = {2014}
}
@book{Astrom2006,
abstract = {1. Introduction -- 2. Process Models -- 3. PID Control -- 4. Controller Design -- 5. Feedforward Design -- 6. PID Design -- 7. Replacing the Ziegler-Nichols Tuning Rules -- 8. Predictive Controllers -- 9. Automatic Tuning and Adaptation -- 10. Loop and Performance Assessment -- 11. Interaction -- 12. Control Paradigms -- 13. Implementation},
author = {{\AA}str{\"{o}}m, KJ and H{\"{a}}gglund, T and Åström, Karl J. (Karl Johan) and Hägglund, Tore.},
file = {:C$\backslash$:/Users/juliu/Documents/K.{\_}J.{\_}Astrom,{\_}T.{\_}Hagglund{\_}Advanced{\_}PID{\_}Control.pdf:pdf},
isbn = {1556179421},
pages = {460},
publisher = {ISA-The Instrumentation, Systems, and Automation Society},
title = {{Advanced PID control}},
url = {http://lup.lub.lu.se/record/535630},
year = {2006}
}
@article{Ahmed2007,
author = {Ahmed, Salim and Huang, Biao and Shah, Sirish L.},
doi = {10.1016/j.conengprac.2006.10.005},
file = {:C$\backslash$:/Users/juliu/AppData/Local/Mendeley Ltd./Mendeley Desktop/Downloaded/Ahmed, Huang, Shah - 2007 - Novel identification method from step response.pdf:pdf},
issn = {09670661},
journal = {Control Eng. Pract.},
month = {may},
number = {5},
pages = {545--556},
title = {{Novel identification method from step response}},
url = {http://linkinghub.elsevier.com/retrieve/pii/S0967066106001778},
volume = {15},
year = {2007}
}
@article{Astrom1973,
author = {{\AA}str{\"{o}}m, K.J. and Wittenmark, B.},
doi = {10.1016/0005-1098(73)90073-3},
file = {:C$\backslash$:/Users/juliu/Downloads/Astr{\"{o}}m.pdf:pdf},
issn = {00051098},
journal = {Automatica},
month = {mar},
number = {2},
pages = {185--199},
title = {{On self tuning regulators}},
url = {http://linkinghub.elsevier.com/retrieve/pii/0005109873900733},
volume = {9},
year = {1973}
}
@article{Fedele2009a,
abstract = {In this paper an identification method to estimate the parameters of a first order plus time delay model is proposed. Such a method directly obtains these parameters using a new linear regression equation. No iterations in calculation are needed. A simple true/false criterion to establish if the hypothesis on the process type is correct can be easily derived. The proposed method shows an acceptable robustness to disturbance and measurement noise as it is confirmed by several simulated experiments.},
author = {Fedele, Giuseppe},
file = {:C$\backslash$:/Users/juliu/AppData/Local/Mendeley Ltd./Mendeley Desktop/Downloaded/Fedele - 2009 - A new method to estimate a first-order plus time delay model from step response(2).pdf:pdf},
journal = {J. Franklin Inst.},
keywords = {Algebraic identification,First order plus time delay model,Least-squares method},
title = {{A new method to estimate a first-order plus time delay model from step response}},
url = {http://s3.amazonaws.com/academia.edu.documents/41626596/A{\_}new{\_}method{\_}to{\_}estimate{\_}a{\_}first-order{\_}p20160127-1753-sogvnl.pdf?AWSAccessKeyId=AKIAIWOWYYGZ2Y53UL3A{\&}Expires=1494916663{\&}Signature=pAvbvKu2oGpo2{\%}252BSoKdGWZcjQL6E{\%}253D{\&}response-content-disposition=inl},
year = {2009}
}
@article{Ang2005b,
author = {Ang, KH and Chong, G and Li, Y},
file = {:C$\backslash$:/Users/juliu/AppData/Local/Mendeley Ltd./Mendeley Desktop/Downloaded/Ang, Chong, Li - 2005 - PID control system analysis, design, and technology.pdf:pdf},
journal = {IEEE Trans. Control Syst.},
title = {{PID control system analysis, design, and technology}},
url = {http://ieeexplore.ieee.org/abstract/document/1453566/},
year = {2005}
}
@article{Berner2016a,
abstract = {The relay autotuner provides a simple way of finding PID controller parameters. Even though relay autotuning is much investigated in the literature, the practical aspects are not that well-documented. In this paper an asymmetric relay autotuner with features such as a startup procedure and adaptive relay amplitudes is proposed. Parameter choices and handling of noise, disturbances, start in non-steady state and other possible error sources are discussed. The autotuner is implemented and tested on an industrial air handling unit to show its use in practice. The experiments show good results, and prove that the proposed simple autotuner is well-suited for industrial use. But the experiments also enlighten possible error sources and remaining problems.},
author = {Berner, Josefin and H{\"{a}}gglund, Tore and {\AA}str{\"{o}}m, Karl Johan},
doi = {10.1016/j.conengprac.2016.05.017},
file = {:C$\backslash$:/Users/juliu/AppData/Local/Mendeley Ltd./Mendeley Desktop/Downloaded/Berner, H{\"{a}}gglund, {\AA}str{\"{o}}m - 2016 - Asymmetric relay autotuning – Practical features for industrial use.pdf:pdf},
issn = {09670661},
journal = {Control Eng. Pract.},
keywords = {Air handling unit,Asymmetric relay autotuning,Industrial experiment,PID control,Practical features},
title = {{Asymmetric relay autotuning – Practical features for industrial use}},
year = {2016}
}
@article{Berner2014a,
abstract = {The relay autotuner for PID control is based on the simple idea of investigating process dynamics by the oscillation obtained when the PID controller is replaced by a relay unction. In this paper an asymmetric relay function is used, which provides an equation for the static gain of the process. A method to find the normalized time delay is proposed and the benefits of this is discussed. Ways to find low-order models from the experiment are described. Considerations of how to choose the relay parameters are made and some examples are given.},
author = {Berner, Josefin and {\AA}str{\"{o}}m, Karl Johan and H{\"{a}}gglund, Tore},
file = {:C$\backslash$:/Users/juliu/AppData/Local/Mendeley Ltd./Mendeley Desktop/Downloaded/Berner, {\AA}str{\"{o}}m, H{\"{a}}gglund - 2014 - Towards a New Generation of Relay Autotuners.pdf:pdf},
keywords = {Reglerteknik,asymmetric relay,autotuning,normalized time delay,parameter estimation.},
title = {{Towards a New Generation of Relay Autotuners}},
url = {https://lup.lub.lu.se/search/publication/1778b470-6724-4134-95e4-cb1005640c9b},
year = {2014}
}
@book{Isermann1992,
address = {Berlin, Heidelberg},
author = {Isermann, Rolf},
doi = {10.1007/978-3-642-84679-3},
file = {:C$\backslash$:/Users/juliu/AppData/Local/Mendeley Ltd./Mendeley Desktop/Downloaded/Isermann - 1992 - Identifikation dynamischer Systeme 1(2).pdf:pdf},
isbn = {978-3-642-84680-9},
publisher = {Springer Berlin Heidelberg},
series = {Springer-Lehrbuch},
title = {{Identifikation dynamischer Systeme 1}},
url = {http://link.springer.com/10.1007/978-3-642-84679-3},
year = {1992}
}
@book{Watter2015,
address = {Wiesbaden},
author = {Watter, Holger},
doi = {10.1007/978-3-658-07860-7},
file = {:C$\backslash$:/Users/juliu/AppData/Local/Mendeley Ltd./Mendeley Desktop/Downloaded/Watter - 2015 - Hydraulik und Pneumatik.pdf:pdf},
isbn = {978-3-658-07859-1},
publisher = {Springer Fachmedien Wiesbaden},
title = {{Hydraulik und Pneumatik}},
url = {http://link.springer.com/10.1007/978-3-658-07860-7},
year = {2015}
}
@book{Isermann1992a,
address = {Berlin, Heidelberg},
author = {Isermann, Rolf},
doi = {10.1007/978-3-642-84769-1},
file = {:C$\backslash$:/Users/juliu/AppData/Local/Mendeley Ltd./Mendeley Desktop/Downloaded/Isermann - 1992 - Identifikation dynamischer Systeme 2(2).pdf:pdf},
isbn = {978-3-642-84770-7},
publisher = {Springer Berlin Heidelberg},
series = {Springer-Lehrbuch},
title = {{Identifikation dynamischer Systeme 2}},
url = {http://link.springer.com/10.1007/978-3-642-84769-1},
year = {1992}
}
@article{Astrom2001a,
annote = {Abstract
Paper beschreibt ein neuartiges Verfahren zur entkopplung von MIMO Strecken, welches auf statischer Entkopplung basiert.

Method
-Annahme eines MIMO Systems. 
-Annahme eines PID Reglers mit statischer Entkopplung und Set Point Weight.
- Entkopplung ist Inverse der statischen Verst{\"{a}}rkung ( muss regul{\"{a}}re Matrix sein! )
- Dadurch wird Identity Matrix im Statischen Endwert geschaffen; Nebendiagonale - kleine Abweichungen sind linear zu s bzw. j*w -{\textgreater} Kleine Bandbreite ist gut
- Geschlossener Kreis wird berechnet; Annahmen zum Verlauf und Lage der Polstellen f{\"{u}}hren zur vereinfachten Matrix H, welche das System approximiert
-Interaction Indices: Die Elemente der Nebendiagonalen werden mittels der Sensitivity der beiden Hauptloops beschrieben. Daher kann eine obere Schranke hergeleitet werden, welche direkt mit den Regler in Verbindung gebracht werden kann. Hierbei wird allerdings nur der I Anteil ber{\"{u}}cksichtigt, was zu einer Konstanten f{\"{u}}hrt. HIER KANN DIE BR{\"{U}}CKE ZU DEM IN LUNZE VORGESTELLTEN VERFAHREN GESCHLAGEN WERDEN! Die Interaction, also der Einfluss der Loops aufeinander, ist solange klein wie kI klein ist. Ebenfalls wird hier der Nachteil des Verfahren beschrieben: Durch die Abh{\"{a}}ngigkeiten der Sensitivity der Kreise und kI ist keine Unabh{\"{a}}ngige Stellschraube gegeben.
Weiterhin wird die Bandbreite des geschlossenen Systems hergeleitet. Es wird weiterhin gezeigt, dass die Kopplung ohne Set Point Weighting zunimmt. Diese Sch{\"{a}}tzungen sind konservativ.
- Auslegung des Reglers nun mit Standard Methoden f{\"{u}}r die Eintr{\"{a}}ge der Hauptdiagonalen. Hier werden noch verschiedene Methoden erw{\"{a}}hnt.


Conclusion
Simples Verfahren wurde erfolgreich vorgestellt. Gilt, solange die Kopplung nicht zu hoch ist. Beispiele werden vorgestellt.
Set-Point weighting ist notwendig.
Interaction indices wurden vorgestellt, welche - im Gegensatz zur RGA - den Regler mit einschlie{\ss}en.},
author = {Astrom, KJ and Johansson, KH},
file = {:C$\backslash$:/Users/juliu/AppData/Local/Mendeley Ltd./Mendeley Desktop/Downloaded/Astrom, Johansson - 2001 - Design of decoupled PID controllers for MIMO systems(3).pdf:pdf},
journal = {Control Conf. 2001 {\ldots}},
title = {{Design of decoupled PID controllers for MIMO systems}},
url = {http://ieeexplore.ieee.org/abstract/document/946038/},
year = {2001}
}
@article{Astrom2000a,
author = {{\AA}str{\"{o}}m, K.J.},
doi = {10.1016/S0947-3580(00)70906-X},
file = {:C$\backslash$:/Users/juliu/AppData/Local/Mendeley Ltd./Mendeley Desktop/Downloaded/{\AA}str{\"{o}}m - 2000 - Limitations on Control System Performance.pdf:pdf},
issn = {09473580},
journal = {Eur. J. Control},
month = {jan},
number = {1},
pages = {2--20},
title = {{Limitations on Control System Performance}},
url = {http://linkinghub.elsevier.com/retrieve/pii/S094735800070906X},
volume = {6},
year = {2000}
}
@book{Skogestad2005,
abstract = {2nd ed. Introduction -- Classical feedback control -- Introduction to multivariable control -- Elements of linear system theory -- Limitations on performance in SISO systems -- Limitations on performance on MIMO systems -- Uncertainty and robustness for SISO systems -- Robust stability and performance analysis for MIMO systems -- Controller design -- Control structure design -- Model reduction -- Linear matrix inequalities -- Case studies -- Matrix theory and norms -- Project work and sample exam.},
author = {Skogestad, Sigurd. and Postlethwaite, Ian.},
file = {:C$\backslash$:/Users/juliu/AppData/Local/Mendeley Ltd./Mendeley Desktop/Downloaded/Skogestad, Postlethwaite - 2005 - Multivariable feedback control analysis and design.pdf:pdf},
isbn = {047001167X},
pages = {574},
publisher = {John Wiley},
title = {{Multivariable feedback control : analysis and design}},
year = {2005}
}
@article{Bristol1966,
author = {Bristol, E.},
doi = {10.1109/TAC.1966.1098266},
file = {:C$\backslash$:/Users/juliu/AppData/Local/Mendeley Ltd./Mendeley Desktop/Downloaded/Bristol - 1966 - On a new measure of interaction for multivariable process control.pdf:pdf},
issn = {0018-9286},
journal = {IEEE Trans. Automat. Contr.},
month = {jan},
number = {1},
pages = {133--134},
title = {{On a new measure of interaction for multivariable process control}},
url = {http://ieeexplore.ieee.org/document/1098266/},
volume = {11},
year = {1966}
}
@article{DiRuscio2010,
abstract = {Some analytical results concerning PI controller tuning based on integrator plus time delay models are worked out and presented. A method for obtaining PI controller parameters, K p = $\alpha$ k$\tau$ , and, T i = $\beta$$\tau$ , which ensures a given prescribed maximum time delay error, d$\tau$ max , to time delay, $\tau$ , ratio parameter $\delta$ = d$\tau$ max $\tau$ , is presented. The corner stone in this method, is a method product parameter, ¯ c = $\alpha$$\beta$. Analytical relations between the PI controller parameters, T i , and, K p , and the time delay error parameter, $\delta$, is presented, and we propose the setting, $\beta$ = ¯ c a ($\delta$ + 1), and, $\alpha$ = a $\delta$+1 , which gives, T i = ¯ c a ($\delta$ + 1)$\tau$ , and, K p = a ($\delta$+1)k$\tau$ , where the parameter, a, is constant in the method product parameter, ¯ c = $\alpha$$\beta$. It also turns out that the integral time, T i , is linear in, $\delta$, and the proportional gain, K p , inversely proportional to, $\delta$ + 1. For the original Ziegler Nichols (ZN) method this parameter is approximately, ¯ c = 2.38, and the presented method may e.g., be used to obtain new modified ZN parameters with increased robustness margins, also documented in the paper.},
author = {{Di Ruscio}, David},
doi = {10.4173/mic.2010.4.3},
file = {:C$\backslash$:/Users/juliu/AppData/Local/Mendeley Ltd./Mendeley Desktop/Downloaded/Di Ruscio - 2010 - On Tuning PI Controllers for Integrating Plus Time Delay Systems.pdf:pdf},
journal = {Identif. Control},
keywords = {PI controller,frequency analysis,integrating system,maximum time delay error,time delay,tuning},
number = {4},
pages = {145--164},
title = {{On Tuning PI Controllers for Integrating Plus Time Delay Systems}},
url = {http://www.mic-journal.no/pdf/2010/mic-2010-4-3.pdf},
volume = {31},
year = {2010}
}
@book{Zeidler2013,
address = {Wiesbaden},
doi = {10.1007/978-3-658-00275-6},
editor = {Zeidler, Eberhard},
file = {:C$\backslash$:/Users/juliu/Downloads/10.1007{\%}2F978-3-658-00275-6.pdf:pdf},
isbn = {978-3-658-00274-9},
publisher = {Springer Fachmedien Wiesbaden},
title = {{Springer-Handbuch der Mathematik III}},
url = {http://link.springer.com/10.1007/978-3-658-00275-6},
year = {2013}
}
